@article{Pearson:2017,
  	url = {http://adsabs.harvard.edu/abs/2017arXiv170304627P},
  	Archiveprefix = {arXiv},
  	Author = {{Pearson}, S. and {Price-Whelan}, A.~M. and {Johnston}, K.~V.},
  	Eprint = {1703.04627},
  	Journal = {ArXiv e-prints},
  	Keywords = {Astrophysics - Astrophysics of Galaxies},
  	Month = mar,
  	Title = {{Gaps in Globular Cluster Streams: Pal 5 and the Galactic Bar}},
  	Year = 2017
}

@book{Binney:2008,
  	url = {http://adsabs.harvard.edu/abs/2008gady.book.....B},
  	Author = {{Binney}, J. and {Tremaine}, S.},
  	Booktitle = {Galactic Dynamics: Second Edition, by James Binney and Scott Tremaine.~ISBN 978-0-691-13026-2 (HB).~Published by Princeton University Press, Princeton, NJ USA, 2008.},
  	Publisher = {Princeton University Press},
  	Title = {{Galactic Dynamics: Second Edition}},
  	Year = 2008
}

@article{gaia,
    author = {{Gaia Collaboration}},
    title = "{The Gaia mission}",
    journal = {Astronomy and Astrophysics},
    archivePrefix = "arXiv",
    eprint = {1609.04153},
    primaryClass = "astro-ph.IM",
    keywords = {space vehicles: instruments, Galaxy: structure, astrometry, parallaxes, proper motions, telescopes},
    year = 2016,
    month = nov,
    volume = 595,
    doi = {10.1051/0004-6361/201629272},
    url = {http://adsabs.harvard.edu/abs/2016A%26A...595A...1G},
}

@article{astropy,
    author = {{Astropy Collaboration}},
    title = "{Astropy: A community Python package for astronomy}",
    journal = {Astronomy and Astrophysics},
    archivePrefix = "arXiv",
    eprint = {1307.6212},
    primaryClass = "astro-ph.IM",
    keywords = {methods: data analysis, methods: miscellaneous, virtual observatory tools},
    year = 2013,
    month = oct,
    volume = 558,
    doi = {10.1051/0004-6361/201322068},
    url = {http://adsabs.harvard.edu/abs/2013A%26A...558A..33A}
}

@misc{fidgit,
  author = {A. M. Smith and K. Thaney and M. Hahnel},
  title = {Fidgit: An ungodly union of GitHub and Figshare},
  year = {2020},
  publisher = {GitHub},
  journal = {GitHub repository},
  url = {https://github.com/arfon/fidgit}
}

@article{gonze2020abinit,
	title={The ABINIT project: Impact, environment and recent developments},
	author={Xavier Gonze and Bernard Amadon and Gabriel Antonius and Frédéric Arnardi and Lucas Baguet and Jean-Michel Beuken and Jordan Bieder and François Bottin and Johann Bouchet and Eric Bousquet and Nils Brouwer and Fabien Bruneval and Guillaume Brunin and Théo Cavignac and Jean-Baptiste Charraud and Wei Chen and Michel Côté and Stefaan Cottenier and Jules Denier and Grégory Geneste and Philippe Ghosez and Matteo Giantomassi and Yannick Gillet and Olivier Gingras and Donald R. Hamann and Geoffroy Hautier and Xu He and Nicole Helbig and Natalie Holzwarth and Yongchao Jia and François Jollet and William Lafargue-Dit-Hauret and Kurt Lejaeghere and Miguel A.L. Marques and Alexandre Martin and Cyril Martins and Henrique P.C. Miranda and Francesco Naccarato and Kristin Persson and Guido Petretto and Valentin Planes and Yann Pouillon and Sergei Prokhorenko and Fabio Ricci and Gian-Marco Rignanese and Aldo H. Romero and Michael Marcus Schmitt and Marc Torrent and Michiel J. {van Setten} and Benoit {Van Troeye} and Matthieu J. Verstraete and Gilles Zérah and Josef W. Zwanziger},
	journal={Comput. Phys. Commun.},
	volume={248},
	pages={107042},
	year={2020},
	publisher={Elsevier}
}


@article{gonze2002first,
	title={First-principles computation of material properties: the ABINIT software project},
	author={Gonze, Xavier and Beuken, J-M and Caracas, Razvan and Detraux, F and Fuchs, M and Rignanese, G-M and Sindic, Luc and Verstraete, Matthieu and Zerah, G and Jollet, F and others},
	journal={Computational Materials Science},
	volume={25},
	number={3},
	pages={478--492},
	year={2002},
	publisher={Elsevier}
}

@article{gonze2009abinit,
	title={ABINIT: First-principles approach to material and nanosystem properties},
	author={Gonze, Xavier and Amadon, Bernard and Anglade, P-M and Beuken, J-M and Bottin, Fran{\c{c}}ois and Boulanger, Paul and Bruneval, Fabien and Caliste, Damien and Caracas, Razvan and C{\^o}t{\'e}, Michel and others},
	journal={Computer Physics Communications},
	volume={180},
	number={12},
	pages={2582--2615},
	year={2009},
	publisher={Elsevier}
}


@article{gonze2016recent,
	title={Recent developments in the ABINIT software package},
	author={Gonze, Xavier and Jollet, Fran{\c{c}}ois and Araujo, F Abreu and Adams, Donat and Amadon, Bernard and Applencourt, Thomas and Audouze, Christophe and Beuken, J-M and Bieder, Jordan and Bokhanchuk, A and others},
	journal={Computer physics communications},
	volume={205},
	pages={106--131},
	year={2016},
	publisher={Elsevier}
}

@article{lejaeghere2016reproducibility,
	title={Reproducibility in density functional theory calculations of solids},
	author={Lejaeghere, Kurt and Bihlmayer, Gustav and Bj{\"o}rkman, Torbj{\"o}rn and Blaha, Peter and Bl{\"u}gel, Stefan and Blum, Volker and Caliste, Damien and Castelli, Ivano E and Clark, Stewart J and Dal Corso, Andrea and others},
	journal={Science},
	volume={351},
	number={6280},
	pages={aad3000},
	year={2016},
	publisher={American Association for the Advancement of Science}
}

@article{bosoni2024verify,
	title={How to verify the precision of density-functional-theory implementations via reproducible and universal workflows},
	author={Bosoni, Emanuele and Beal, Louis and Bercx, Marnik and Blaha, Peter and Bl{\"u}gel, Stefan and Br{\"o}der, Jens and Callsen, Martin and Cottenier, Stefaan and Degomme, Augustin and Dikan, Vladimir and others},
	journal={Nature Reviews Physics},
	volume={6},
	number={1},
	pages={45--58},
	year={2024},
	publisher={Nature Publishing Group UK London}
}

@article{wolfowicz2021quantum,
	title={Quantum guidelines for solid-state spin defects},
	author={Wolfowicz, Gary and Heremans, F Joseph and Anderson, Christopher P and Kanai, Shun and Seo, Hosung and Gali, Adam and Galli, Giulia and Awschalom, David D},
	journal={Nature Reviews Materials},
	volume={6},
	number={10},
	pages={906--925},
	year={2021},
	publisher={Nature Publishing Group UK London}
}

@article{dreyer2018first,
	title={First-principles calculations of point defects for quantum technologies},
	author={Dreyer, Cyrus E and Alkauskas, Audrius and Lyons, John L and Janotti, Anderson and Van de Walle, Chris G},
	journal={Annual Review of Materials Research},
	volume={48},
	number={1},
	pages={1--26},
	year={2018},
	publisher={Annual Reviews}
}

@article{pust2015revolution,
	title={A revolution in lighting},
	author={Pust, Philipp and Schmidt, Peter J and Schnick, Wolfgang},
	journal={Nature materials},
	volume={14},
	number={5},
	pages={454--458},
	year={2015},
	publisher={Nature Publishing Group}
}

@Inbook{lin2017inorganic,
	author="Lin, Yuan-Chih
	and Karlsson, Maths
	and Bettinelli, Marco",
	title="Inorganic Phosphor Materials for Lighting",
	bookTitle="Photoluminescent Materials and Electroluminescent Devices",
	year="2017",
	publisher="Springer International Publishing",
	address="Cham",
	pages="309--355",
}

@article{fang2022evolutionary,
	title={Evolutionary generation of phosphor materials and their progress in future applications for light-emitting diodes},
	author={Fang, Mu-Huai and Bao, Zhen and Huang, Wen-Tse and Liu, Ru-Shi},
	journal={Chemical Reviews},
	volume={122},
	number={13},
	pages={11474--11513},
	year={2022},
	publisher={ACS Publications}
}

@article{huang1950theory,
	title={Theory of light absorption and non-radiative transitions in F-centres},
	author={Huang, Kun and Rhys, Avril},
	journal={Proceedings of the Royal Society of London. Series A. Mathematical and Physical Sciences},
	volume={204},
	number={1078},
	pages={406--423},
	year={1950},
	publisher={The Royal Society London}
}

@article{jin2021photoluminescence,
	title={Photoluminescence spectra of point defects in semiconductors: Validation of first-principles calculations},
	author={Jin, Yu and Govoni, Marco and Wolfowicz, Gary and Sullivan, Sean E and Heremans, F Joseph and Awschalom, David D and Galli, Giulia},
	journal={Physical Review Materials},
	volume={5},
	number={8},
	pages={084603},
	year={2021},
	publisher={APS}
}



